% Articles, etc for use

@BOOK{Squire1983,
  title = {X-Ray Diffraction Methods in Muscle Research},
  publisher = {Plenum Press},
  year = {1983},
  author = {John M Squire},
  abstract = {NOTE: This is a chapter from the book, "The structural basis of muscular
	contraction" },
  affiliation = {Imperial College of Science and Technology, London, England},
  date-added = {2011-05-05 14:26:41 -0700},
  date-modified = {2011-06-06 13:27:54 -0700},
  journal = {The Structural Basis of Muscular Contraction},
  local-url = {file://localhost/Users/dave/Dropbox/home/papers/1983/Squire/The%20Structural%20Basis%20of%20Muscular%20Contraction%201983%20Squire.pdf},
  rating = {3},
  read = {Yes},
  uri = {papers://671896C9-8F68-4F60-B37D-3E9E18B76BD4/Paper/p11156}
}

@article{opencv,
    author = {Bradski, G.},
    citeulike-article-id = {2236121},
    journal = {Dr. Dobb's Journal of Software Tools},
    keywords = {bibtex-import},
    posted-at = {2008-01-15 19:21:54},
    priority = {4},
    title = {{OpenCV}: an open source computer vision library},
    year = {2000}
}




% Examples
@article{seaflow,
  title={SeaFlow: A novel underway flow-cytometer for continuous observations of phytoplankton in the ocean},
  author={Swalwell, J.E. and Ribalet, F. and Armbrust, E.V.},
  journal={Limnology \& Oceanography Methods},
  volume={9},
  pages={466-477},
  year={2011},
  publisher={Association for the Sciences of Limnology and Oceanography}
}

@incollection{em_mapreduce,
 title = {Map-Reduce for Machine Learning on Multicore},
 author = {Cheng-Tao Chu and Sang Kyun Kim and Yi-An Lin and YuanYuan Yu and Gary Bradski and Andrew Y. Ng and Kunle Olukotun},
 booktitle = {Advances in Neural Information Processing Systems 19},
 editor = {B. Sch\"{o}lkopf and J. Platt and T. Hoffman},
 publisher = {MIT Press},
 address = {Cambridge, MA},
 pages = {281--288},
 year = {2007}
}

@article{jama,
  title={Jama: A Java matrix package},
  author={Hicklin, Joe and Moler, Cleve and Webb, Peter and Boisvert, Ronald F and Miller, Bruce and Pozo, Roldan and Remington, Karin},
  journal={URL: http://math. nist. gov/javanumerics/jama},
  year={2000}
}

@article{seaflow_iaai,
  title={Time-Varying Clusters in Large-Scale Flow Cytometry},
  author={Jeremy Hyrkas and Daniel Halperin and Bill Howe},
  journal={27th Conference on Innovative Applications of Artificial Intelligence},
  year={2015}
}

@inproceedings{kmeans_pp,
 author = {Arthur, David and Vassilvitskii, Sergei},
 title = {K-means++: The Advantages of Careful Seeding},
 booktitle = {Proceedings of the Eighteenth Annual ACM-SIAM Symposium on Discrete Algorithms},
 series = {SODA '07},
 year = {2007},
 isbn = {978-0-898716-24-5},
 location = {New Orleans, Louisiana},
 pages = {1027--1035},
 numpages = {9},
 url = {http://dl.acm.org/citation.cfm?id=1283383.1283494},
 acmid = {1283494},
 publisher = {Society for Industrial and Applied Mathematics},
 address = {Philadelphia, PA, USA},
}

@MISC{logsumexp,
author = {Adams, Ryan},
title = {Computing Log-Sum-Exp},
month = jan,
year = {2013},
url = {https://hips.seas.harvard.edu/blog/2013/01/09/computing-log-sum-exp/}
}

@article{gmm_cyto_92,
  title={Analyzing multivariate flow cytometric data in aquatic sciences},
  author={Demers, Serge and Kim, Junhyong and Legendre, Pierre and Legendre, Louis},
  journal={Cytometry},
  volume={13},
  number={3},
  pages={291--298},
  year={1992},
  publisher={Wiley Online Library}
}

@inproceedings{ml_platform_compare,
 author = {Cai, Zhuhua and Gao, Zekai J. and Luo, Shangyu and Perez, Luis L. and Vagena, Zografoula and Jermaine, Christopher},
 title = {A Comparison of Platforms for Implementing and Running Very Large Scale Machine Learning Algorithms},
 booktitle = {Proceedings of the 2014 ACM SIGMOD International Conference on Management of Data},
 series = {SIGMOD '14},
 year = {2014},
 isbn = {978-1-4503-2376-5},
 location = {Snowbird, Utah, USA},
 pages = {1371--1382},
 numpages = {12},
 url = {http://doi.acm.org/10.1145/2588555.2593680},
 doi = {10.1145/2588555.2593680},
 acmid = {2593680},
 publisher = {ACM},
 address = {New York, NY, USA},
 keywords = {distributed machine learning},
}
